@inproceedings{1,
author = {Zheng, Zibin and Xie, Shaoan and Dai, Hong-Ning and Chen, Xiangping and Wang, Huaimin},
year = {2017},
month = {06},
pages = {1},
booktitle = {},
title = {An Overview of Blockchain Technology: Architecture, Consensus, and Future Trends},
doi = {10.1109/BigDataCongress.2017.85}
}


@inproceedings{2,
    author = {Sherman, Alan and Javani, Farid and Zhang, Habin and Golaszewski, Enis},
    title = {On the Origins and Variations of Blockchain Technologies},
    booktitle = {},
    year = {2018},
    month = {10},
    publisher = {University of Maryland, Baltimore County (UMBC)
Baltimore, Maryland 21250}
}

@article{3,
author = {Nakamoto, Satoshi},
year = {2009},
month = {03},
pages = {},
title = {Bitcoin: A Peer-to-Peer Electronic Cash System},
journal = {Cryptography Mailing list at https://metzdowd.com}
}


@inbook{4,
author = {Sixt, Elfriede},
year = {2017},
month = {01},
pages = {189-194},
title = {Ethereum},
isbn = {978-3-658-02843-5},
doi = {10.1007/978-3-658-02844-2_16}
}